<record><leader>00000cas a22000007a 4500</leader><controlfield tag="001">16968765</controlfield><controlfield tag="008">871112d1906191unyudr ne      0    0eng d</controlfield><datafield ind1=" " ind2=" " tag="010"><subfield code="a">sn 88074113 </subfield></datafield><datafield ind1=" " ind2=" " tag="040"><subfield code="a">NYS</subfield><subfield code="b">eng</subfield><subfield code="c">NYS</subfield><subfield code="d">NYG</subfield><subfield code="d">NYS</subfield><subfield code="d">OCLCQ</subfield></datafield><datafield ind1=" " ind2=" " tag="042"><subfield code="a">msc</subfield></datafield><datafield ind1="0" ind2="0" tag="245"><subfield code="a">Ontario messenger and repository.</subfield></datafield><datafield ind1="3" ind2="0" tag="246"><subfield code="a">Ontario messenger</subfield></datafield><datafield ind1=" " ind2=" " tag="260"><subfield code="a">Canandaigua, N.Y. :</subfield><subfield code="b">Messenger Print. Co.,</subfield><subfield code="c">1906-</subfield></datafield><datafield ind1=" " ind2=" " tag="300"><subfield code="a">v.</subfield></datafield><datafield ind1=" " ind2=" " tag="310"><subfield code="a">Daily,</subfield><subfield code="b">&lt;Dec. 9, 1907-&gt;</subfield></datafield><datafield ind1=" " ind2=" " tag="321"><subfield code="a">Weekly,</subfield><subfield code="b">Nov. 15, 1906-Dec. 5, 1907</subfield></datafield><datafield ind1="0" ind2=" " tag="362"><subfield code="a">Vol. 105, [no. 46], (Nov. 15, 1906)-</subfield></datafield><datafield ind1=" " ind2="4" tag="651"><subfield code="a">Canandaigua (N.Y.)</subfield><subfield code="v">Newspapers.</subfield></datafield><datafield ind1=" " ind2=" " tag="752"><subfield code="a">United States</subfield><subfield code="b">New York</subfield><subfield code="c">Ontario</subfield><subfield code="d">Canandaigua.</subfield></datafield><datafield ind1="0" ind2="0" tag="780"><subfield code="t">Ontario repository and messenger</subfield><subfield code="w">(DLC)sn 83031530</subfield></datafield><datafield ind1="0" ind2="0" tag="785"><subfield code="t">Daily messenger (Canandaigua, N.Y.)</subfield><subfield code="w">(DLC)sn 84031263</subfield></datafield><datafield ind1="1" ind2=" " tag="029"><subfield code="a">AU@</subfield><subfield code="b">000025830338</subfield></datafield></record>